@article{wickham2015visualizing,
  title={Visualizing statistical models: Removing the blindfold},
  author={Wickham, Hadley and Cook, Dianne and Hofmann, Heike},
  journal={Statistical Analysis and Data Mining: The ASA Data Science Journal},
  volume={8},
  number={4},
  pages={203--225},
  year={2015},
  publisher={Wiley Online Library}
}